<record><leader>00000cas a22000007a 4500</leader><controlfield tag="001">24451650</controlfield><controlfield tag="008">910925d188018uumeuwr ne      0    0eng d</controlfield><datafield ind1=" " ind2=" " tag="010"><subfield code="a">sn 91063254 </subfield></datafield><datafield ind1=" " ind2=" " tag="040"><subfield code="a">NVH</subfield><subfield code="b">eng</subfield><subfield code="c">NVH</subfield><subfield code="d">MBN</subfield><subfield code="d">OCLCQ</subfield><subfield code="d">OCLCF</subfield><subfield code="d">OCLCO</subfield></datafield><datafield ind1="1" ind2=" " tag="029"><subfield code="a">AU@</subfield><subfield code="b">000025899443</subfield></datafield><datafield ind1=" " ind2=" " tag="042"><subfield code="a">msc</subfield></datafield><datafield ind1=" " ind2=" " tag="043"><subfield code="a">n-us-me</subfield></datafield><datafield ind1="0" ind2=" " tag="130"><subfield code="a">Prohibitionist (Lewiston, Me.)</subfield></datafield><datafield ind1="1" ind2="4" tag="245"><subfield code="a">The prohibitionist.</subfield></datafield><datafield ind1=" " ind2=" " tag="260"><subfield code="a">Lewiston, Me. :</subfield><subfield code="b">Prohibition Pub. Association</subfield></datafield><datafield ind1=" " ind2=" " tag="300"><subfield code="a">v.</subfield></datafield><datafield ind1="1" ind2=" " tag="362"><subfield code="a">Began in 1880?</subfield></datafield><datafield ind1=" " ind2=" " tag="588"><subfield code="a">Description based on: Vol. 1, no. 40 (Aug. 4, 1881).</subfield></datafield><datafield ind1=" " ind2="0" tag="651"><subfield code="a">Lewiston (Me.)</subfield><subfield code="v">Newspapers.</subfield></datafield><datafield ind1=" " ind2="7" tag="655"><subfield code="a">Newspapers.</subfield><subfield code="2">fast</subfield><subfield code="0">(OCoLC)fst01423814</subfield></datafield><datafield ind1=" " ind2="7" tag="651"><subfield code="a">Maine</subfield><subfield code="z">Lewiston.</subfield><subfield code="2">fast</subfield><subfield code="0">(OCoLC)fst01220199</subfield></datafield><datafield ind1=" " ind2=" " tag="752"><subfield code="a">United States</subfield><subfield code="b">Maine</subfield><subfield code="c">Androscoggin</subfield><subfield code="d">Lewiston.</subfield></datafield></record>